@article{bardas2010static,
  title={Static Code Analysis},
  author={Bardas, Alexandru G},
  journal={Journal of Information Systems \& Operations Management},
  volume={4},
  number={2},
  pages={99--107},
  year={2010},
  publisher={Romanian-American University}
},

@Book{grune2008parsing,
 author = {Grune, Dick},
 title = {Parsing techniques : a practical guide},
 publisher = {Springer},
 year = {2008},
 address = {New York},
 isbn = {9780387202488}
 },
 
@article{vaidyanathan2002dynamic,
  title={Dynamic parsing},
  author={Vaidyanathan, Shankar and Lucido, Philip and Bhatia, Sundeep},
  year={2002}
},

@misc{panopticoncentral_2009,
author={Panopticoncentral.net,},
title={LL vs. LR vs. GLR | Panopticon Central},
url={http://www.panopticoncentral.net/2009/03/13/ll-vs-lr-vs-glr/},
year={2009}
},

@misc{stanford.edu_2012,
author={Web.stanford.edu,},
title={CS143: Compilers},
url={http://web.stanford.edu/class/archive/cs/cs143/cs143.1128/},
year={2012}
},

@Book{aho2007compilers,
author = {Aho, Alfred},
title = {Compilers : principles, techniques, \& tools},
publisher = {Pearson/Addison Wesley},
year = {2007},
address = {Boston},
isbn = {0321486811}
},

@article{ghezzi1979incremental,
  title={Incremental parsing},
  author={Ghezzi, Carlo and Mandrioli, Dino},
  journal={ACM Transactions on Programming Languages and Systems (TOPLAS)},
  volume={1},
  number={1},
  pages={58--70},
  year={1979},
  publisher={ACM}
},

@inproceedings{huang2010dynamic,
  title={Dynamic programming for linear-time incremental parsing},
  author={Huang, Liang and Sagae, Kenji},
  booktitle={Proceedings of the 48th Annual Meeting of the Association for Computational Linguistics},
  pages={1077--1086},
  year={2010},
  organization={Association for Computational Linguistics}
},

@article{gopalratnam2007online,
  title={Online sequential prediction via incremental parsing: The active LeZi algorithm},
  author={Gopalratnam, Karthik and Cook, Diane J},
  journal={Intelligent Systems, IEEE},
  volume={22},
  number={1},
  pages={52--58},
  year={2007},
  publisher={IEEE}
},

@article{knuth1971top,
  title={Top-down syntax analysis},
  author={Knuth, Donald E},
  journal={Acta Informatica},
  volume={1},
  number={2},
  pages={79--110},
  year={1971},
  publisher={Springer}
},

@misc{cfg_def,
author={Cs.rochester.edu,},
title={Context-Free Grammars},
url={https://www.cs.rochester.edu/~nelson/courses/csc_173/grammars/cfg.html},
year={2015}
},

@article{horspool1990incremental,
  title={Incremental generation of LR parsers},
  author={Horspool, R Nigel},
  journal={Computer languages},
  volume={15},
  number={4},
  pages={205--223},
  year={1990},
  publisher={Elsevier}
},
@article{chappelier1998generalized,
  title={A Generalized CYK Algorithm for Parsing Stochastic CFG.},
  author={Chappelier, Jean-C{\'e}dric and Rajman, Martin and others},
  journal={TAPD},
  volume={98},
  number={133-137},
  pages={5},
  year={1998},
  publisher={Citeseer}
},

@misc{1_wikipedia_2015,
author={Wikipedia},
title={Comparison of parser generators},
url={https://en.wikipedia.org/wiki/Comparison_of_parser_generators},
year={2015}
},

@book{2_chomsky,
author={Chomsky, Noam},
title={On certain formal properties of grammars},
url={http://www.sciencedirect.com/science/article/pii/S0019995859903626}
},

@misc{3_cs.princeton.edu_2015,
author={Cs.princeton.edu,},
url={http://www.cs.princeton.edu/courses/archive/spr06/cos320/notes/7-LRtables.ppt},
year={2015}
},

@misc{4_hackingoff.com_2012,
author={Hackingoff.com,},
title={EBNF to NFA for LR(0) and SLR(1) Grammars - Hacking Off},
url={http://hackingoff.com/blog/ebnf-to-nfa-for-lr-0-and-slr-1-grammars/},
year={2012}
}

@misc{Clang5:online,
author = {},
title = {Clang Static Analyzer},
url = {http://clang-analyzer.llvm.org/},
month = {},
year = {},
note = {(Visited on 08/16/2015)}
}
@misc{darta0:online,
author = {},
title = {dartanalyzer: The Static Analyzer | Dart},
url = {https://www.dartlang.org/tools/analyzer/},
month = {},
year = {},
note = {(Visited on 08/16/2015)}
}
@misc{golan5:online,
author = {},
title = {golang/lint},
url = {https://github.com/golang/lint},
month = {},
year = {},
note = {(Visited on 08/16/2015)}
}

@misc{wikilr:online,
author = {},
title = {Wikipedia : LR parser},
url = {https://en.wikipedia.org/wiki/LR_parser},
month = {},
year = {},
note = {(Visited on 09/01/2015)}
}
